 @inproceedings{gebser2008engineering,
  title={Engineering an Incremental ASP Solver},
  author={Gebser, Martin and Kaminski, Roland and Kaufmann, Benjamin and Ostrowski, Max and Schaub, Torsten and Thiele, Sven},
  booktitle={International Conference on Logic Programming},
  pages={190--205},
  year={2008},
  organization={Springer}
}

@inproceedings{oikarinen2006modular,
  title={Modular Equivalence for Normal Logic Programs},
  author={Oikarinen, Emilia and Janhunen, Tomi},
  booktitle={ECAI},
  volume={6},
  pages={412--416},
  year={2006}
}

@online{Schaub.ASP.Solving.Practice,
  author = {Torsten Schaub},
  title = {Answer Set Solving in Practice},
  year = 2016,
  url = {http://www.cs.uni-potsdam.de/~torsten/Potassco/Slides/msolving.pdf},
  urldate = {2017-06-28}
}

@inproceedings{Gebser.Grote.EtAl.2012,
 author = {Gebser, Martin and Grote, Torsten and Kaminski, Roland and Obermeier, Philipp and Sabuncu, Orkunt and Schaub, Torsten},
 title = {{Answer Set Programming for Stream Reasoning}},
 url = {http://arxiv.org/pdf/1301.1392v1.pdf},
 urldate = {2017-06-28},
 pages = {613--617},
 volume = {13},
 publisher = {{AAAI Press}},
 editor = {Eiter, Thomas and McIlraith, Sheila},
 booktitle = {{Proceedings of the Thirteenth International Conference on Principles of Knowledge Representation and Reasoning (KR'12)}},
 year = {2012}
}


@inproceedings{Gebser.Grote.EtAl.2012b,
 author = {Gebser, Martin and Grote, Torsten and Kaminski, Roland and Obermeier, Philipp and Sabuncu, Orkunt and Schaub, Torsten},
 title = {{Answer Set Programming for Stream Reasoning}},
 pages = {115--130},
 editor = {Fink, Michael and Lierler, Yuliya},
 booktitle = {{Proceedings of the 5th Workshop on Answer Set Programming and Other Computing Paradigms}},
 year = {2012}
}


@inproceedings{Gebser.Janhunen.EtAl.2015,
 author = {Gebser, Martin and Janhunen, Tomi and Jost, Holger and Kaminski, Roland and Schaub, Torsten},
 title = {{ASP Solving for Expanding Universes}},
 pages = {354--367},
 publisher = {{Springer International Publishing}},
 isbn = {978-3-319-23264-5},
 editor = {Calimeri, Francesco and Ianni, Giovambattista and Truszczynski, Miroslaw},
 booktitle = { Logic Programming and Nonmonotonic Reasoning},
 year = {2015}
}


@incollection{Gebser.Kaminski.EtAl.2011,
 author = {Gebser, Martin and Kaminski, Roland and Schaub, Torsten},
 title = {{Complex Optimization in Answer Set Programming}},
 pages = {821--839},
 volume = {11},
 editor = {Gallagher, John and Gelfond, Michael},
 booktitle = {{27th International Conference on Logic Programming}},
 publisher = { Cambridge University Press },
 year = {2011}
}


@book{Gebser.Kaminski.EtAl.2012,
 author = {Gebser, Martin and Kaminski, Roland and Kaufmann, Benjamin and Schaub, Torsten},
 year = {2012},
 title = {{Answer Set Solving in Practice}},
 volume = {6},
 publisher = {{Morgan {\&} Claypool Publishers}}
}


@inproceedings{Gebser.Kaminski.EtAl.2014,
 author = {Gebser, Martin and Kaminski, Roland and Kaufmann, Benjamin and Schaub, Torsten},
 title = {{Clingo = ASP + Control: Preliminary Report}},
 volume = {14(4-5)},
 editor = {{M. Leuschel} and {T. Schrijvers}},
 booktitle = {{Technical Communications of the Thirtieth International Conference on Logic Programming (ICLP'14)}},
 year = {2014}
}


@misc{Gebser.Kaminski.EtAl.2014b,
 author = {Gebser, Martin and Kaminski, Roland and Kaufmann, Benjamin and Schaub, Torsten},
 date = {2014},
 title = {{Clingo=ASP+Control: Extended Report}},
 address = {University of Potsdam}
}


@incollection{Gebser.Kaminski.EtAl.2015,
 author = {Gebser, Martin and Kaminski, Roland and Obermeier, Philipp and Schaub, Torsten},
 title = {{Ricochet Robots Reloaded: A Case-Study in Multi-shot ASP Solving}},
 pages = {17--32},
 volume = {9060},
 publisher = {{Springer International Publishing}},
 isbn = {978-3-319-14725-3},
 series = {Lecture Notes in Computer Science},
 editor = {Eiter, Thomas and Strass, Hannes and Truszczy{\'n}ski, Miros{\l}aw and Woltran, Stefan},
 booktitle = {{Advances in Knowledge Representation, Logic Programming, and Abstract Argumentation}},
 year = {2015}
}


@book{Gelfond.Kahl.2014,
 author = {Gelfond, Michael and Kahl, Yulia},
 year = {2014},
 title = {{Knowledge Representation, Reasoning, and the Design of Intelligent Agents: The Answer-Set Orogramming Approach}},
 address = {Cambridge, USA},
 publisher = {{Cambridge University Press}},
 isbn = {978-1-107-02956-9}
}

@online{Docker.Compose,
  author = {Docker Inc.},
  title = {Docker-Compose Installation Guide},
  year = 2017,
  url = {https://docs.docker.com/compose/install/},
  urldate = {2017-06-28}
}

@online{Docker.Install,
  author = {Docker Inc.},
  title = {Docker Installation Guide},
  year = 2017,
  url = {https://docs.docker.com/engine/installation/linux/ubuntu/},
  urldate = {2017-06-28}
}

@online{CN5.Install,
  author = {Rob Speer},
  title = {Running your own Copy of Concept-Net 5},
  year = 2017,
  url = {https://github.com/commonsense/conceptnet5/wiki/Running-your-own-copy},
  urldate = {2017-06-28}
}

@article{Brewka.2011,
 abstract = {It gives a general overview on the field of answer set programming.},
 author = {Brewka, Gerhard and Eiter, Thomas and Truszczy{\'n}ski, Miros{\l}aw},
 year = {2011},
 title = {{Answer Set Programming at a Glance}},
 pages = {92--103},
 volume = {54},
 number = {12},
 journal = {Communications of the ACM}
}

@article{davis1960computing,
  title={A Computing Procedure for Quantification Theory},
  author={Davis, Martin and Putnam, Hilary},
  journal={Journal of the ACM (JACM)},
  volume={7},
  number={3},
  pages={201--215},
  year={1960},
  publisher={ACM}
}

@inproceedings{silva1997grasp,
  title={GRASP—a New Search Algorithm for Satisfiability},
  author={Silva, Jo{\~a}o P Marques and Sakallah, Karem A},
  booktitle={Proceedings of the 1996 IEEE/ACM international conference on Computer-aided design},
  pages={220--227},
  year={1997},
  organization={IEEE Computer Society}
}

@inproceedings{bayardo1997using,
  title={Using CSP Look-Back Techniques to Solve Real-World SAT Instances},
  author={Bayardo Jr, Roberto J and Schrag, Robert},
  booktitle={AAAI/IAAI},
  pages={203--208},
  year={1997}
}

@inproceedings{gelfond1988stable,
  title={The Stable Model Semantics for Logic Programming.},
  author={Gelfond, Michael and Lifschitz, Vladimir},
  booktitle={ICLP/SLP},
  volume={88},
  pages={1070--1080},
  year={1988}
}

@inproceedings{icaart17,
 author = {Opfer, Stephan and Jakob, Stefan and Geihs, Kurt},
 title = {{Reasoning for Autonomous Agents in Dynamic Domains}},
 pages = {340--351},
 publisher = {{ScitePress Digital Library}},
 isbn = {9789897582202},
 editor = {{van de Herik}, Jaap and Rocha, Ana Paula and Filipe, Joaquim},
 booktitle = {{Proceedings of the 9th International Conference on Agents and Artificial Intelligence}},
 year = {2017}
}


@inproceedings{speer2012representing,
  title={Representing General Relational Knowledge in ConceptNet 5.},
  author={Speer, Robert and Havasi, Catherine},
  booktitle={LREC},
  pages={3679--3686},
  year={2012}
}

@incollection{speer2013conceptnet,
  title={ConceptNet 5: A Large Semantic Network for Relational Knowledge},
  author={Speer, Robert and Havasi, Catherine},
  booktitle={The People’s Web Meets NLP},
  pages={161--176},
  year={2013},
  publisher={Springer}
}

@article{speer2016conceptnet,
  title={ConceptNet 5.5: An Open Multilingual Graph of General Knowledge},
  author={Speer, Robert and Chin, Joshua and Havasi, Catherine},
  journal={arXiv preprint arXiv:1612.03975},
  year={2016}
}

@article{sharir1981strong,
  title={A Strong-Connectivity Algorithm and its Applications in Data Flow Analysis},
  author={Sharir, Micha},
  journal={Computers \& Mathematics with Applications},
  volume={7},
  number={1},
  pages={67--72},
  year={1981},
  publisher={Elsevier}
}

@misc{talkts,
  author = {Schaub, Torsten},
  date = {2017-03-23},
  howpublished = {Personal communication}
}

@inproceedings{cambria2010senticspace,
  title={SenticSpace: Visualizing Opinions and Sentiments in a Multi-Dimensional Vector Space},
  author={Cambria, Erik and Hussain, Amir and Havasi, Catherine and Eckl, Chris},
  booktitle={International Conference on Knowledge-Based and Intelligent Information and Engineering Systems},
  pages={385--393},
  year={2010},
  organization={Springer}
}

@article{havasi2012glass,
  title={The Glass Infrastructure: Using Common Sense to Create a Dynamic, Place-Based Social Information System},
  author={Havasi, Catherine and Borovoy, Richard and Kizelshteyn, Boris and Ypodimatopoulos, Polychronis and Ferguson, Jon and Holtzman, Henry and Lippman, Andrew and Schultz, Dan and Blackshaw, Matthew and Elliott, Greg},
  journal={AI Magazine},
  volume={33},
  number={2},
  pages={91},
  year={2012}
}

@inproceedings{korner2009resi,
  title={Resi-a Natural Language Specification Improver},
  author={Korner, Sven J and Brumm, Torben},
  booktitle={Semantic Computing, 2009. ICSC'09. IEEE International Conference on},
  pages={1--8},
  year={2009},
  organization={IEEE}
}

@article{merkel2014docker,
  title={Docker: Lightweight Linux Containers for Consistent Development and Deployment},
  author={Merkel, Dirk},
  journal={Linux Journal},
  volume={2014},
  number={239},
  pages={2},
  year={2014},
  publisher={Belltown Media}
}

@inproceedings{strapparava2004wordnet,
  title={WordNet Affect: an Affective Extension of WordNet.},
  author={Strapparava, Carlo and Valitutti, Alessandro and others},
  booktitle={LREC},
  volume={4},
  pages={1083--1086},
  year={2004},
  organization={Citeseer}
}

@inproceedings{Cambria2011SenticMO,
  title={Sentic Medoids: Organizing Affective Common Sense Knowledge in a Multi-Dimensional Vector Space},
  author={Erik Cambria and Thomas Mazzocco and Amir Hussain and Chris Eckl},
  booktitle={ISNN},
  year={2011}
}

@inproceedings{balduccini2009flexible,
  title={How Flexible Is Answer Set Programming? An Experiment in Formalizing Commonsense in ASP},
  author={Balduccini, Marcello},
  booktitle={International Conference on Logic Programming and Nonmonotonic Reasoning},
  pages={4--16},
  year={2009},
  organization={Springer}
}

@inproceedings{aditya2015visual,
  title={Visual Common-Sense for Scene Understanding Using Perception, Semantic Parsing and Reasoning},
  author={Aditya, Somak and Yang, Yezhou and Baral, Chitta and Fermuller, Cornelia and Aloimonos, Yiannis},
  booktitle={2015 AAAI Spring Symposium Series},
  year={2015}
}

@article{vlissides1995design,
  title={Design Patterns: Elements of Reusable Object-Oriented Software},
  author={Vlissides, John and Helm, Richard and Johnson, Ralph and Gamma, Erich},
  journal={Reading: Addison-Wesley},
  volume={49},
  number={120},
  pages={11},
  year={1995}
}

@techreport{crockford2006application,
  author = {D. Crockford},
  title = {The Application/json Media Type for JavaScript Object Notation (JSON)},
  howpublished = {Internet Requests for Comments},
  type = {RFC},
  number = {4627},
  year = {2006},
  month = {July},
  issn = {2070-1721},
  publisher = {RFC Editor},
  institution = {RFC Editor},
  url = {http://www.rfc-editor.org/rfc/rfc4627.txt},
  note = {\url{http://www.rfc-editor.org/rfc/rfc4627.txt}},
}

@book{skubch2012modelling,
  title={Modelling and Controlling of Behaviour for Autonomous Mobile Robots},
  author={Skubch, Hendrik},
  year={2012},
  publisher={Springer Science \& Business Media}
}

@misc{speerambigous,
  author = {Speer, Robert},
  date = {2017-03-27},
  howpublished = {personal communication via https://gitter.im/commonsense/conceptnet5}
}

@article{liu2004conceptnet,
  title={ConceptNet—a Practical Commonsense Reasoning Tool-Kit},
  author={Liu, Hugo and Singh, Push},
  journal={BT technology journal},
  volume={22},
  number={4},
  pages={211--226},
  year={2004},
  publisher={Springer}
}

@article{von2008designing,
  title={Designing Games with a Purpose},
  author={Von Ahn, Luis and Dabbish, Laura},
  journal={Communications of the ACM},
  volume={51},
  number={8},
  pages={58--67},
  year={2008},
  publisher={ACM}
}

@article{erdem2012answer,
  title={Answer Set Programming for Collaborative Housekeeping Robotics: Representation, Reasoning, and Execution},
  author={Erdem, Esra and Aker, Erdi and Patoglu, Volkan},
  journal={Intelligent Service Robotics},
  volume={5},
  number={4},
  pages={275--291},
  year={2012},
  publisher={Springer}
}

@misc{ISO:639-1,
  added-at = {2008-03-20T00:03:39.000+0100},
  author = {ISO 639 Joint Advisory Committee},
  biburl = {http://www.bibsonomy.org/bibtex/2fd623909c52d6aeda5f5cb2ff2b7a593/brightbyte},
  interhash = {8afb1c56e428c0728203367d27fc53b7},
  intrahash = {fd623909c52d6aeda5f5cb2ff2b7a593},
  key = {ISO:639-1},
  keywords = {iso language},
  publisher = {International Organization for Standardization, Geneva, Switzerland.},
  timestamp = {2009-01-23T09:58:50.000+0100},
  title = {ISO 639-1:2002 -- Codes for the representation of names of languages -- Part 1: Alpha-2 code},
  url = {http://www.iso.org/iso/iso_catalogue/catalogue_tc/catalogue_detail.htm?csnumber=22109},
  year = 2002
}

@article{yangdeepiu,
  title={DeepIU: An Architecture for Image Understanding},
  author={Yang, Yezhou and EDU, UMD and Aloimonos, Yiannis and Fermuller, Cornelia},
  journal={Advances in Cognitive Systems},
  number={4},
  year={2016},
  publisher={Cognitive Systems Foundation}
}

@book{masse2011rest,
  title={REST API Design Rulebook: Designing Consistent RESTful Web Service Interfaces},
  author={Masse, Mark},
  year={2011},
  publisher={" O'Reilly Media, Inc."}
}

@book{davis2014representations,
  title={Representations of commonsense knowledge},
  author={Davis, Ernest},
  year={2014},
  publisher={Morgan Kaufmann}
}

@book{shoenfield1967mathematical,
  title={Mathematical logic},
  author={Shoenfield, Joseph R},
  volume={21},
  year={1967},
  publisher={Addison-Wesley Reading}
}

@article{ben1987nature,
  title={The nature of emotions},
  author={Ben-Zeev, Aaron},
  journal={Philosophical Studies},
  volume={52},
  number={3},
  pages={393--409},
  year={1987},
  publisher={Springer}
}

@incollection{cambria2012hourglass,
  title={The hourglass of emotions},
  author={Cambria, Erik and Livingstone, Andrew and Hussain, Amir},
  booktitle={Cognitive behavioural systems},
  pages={144--157},
  year={2012},
  publisher={Springer}
}

@article{sharifi2012survey,
  title={A survey and taxonomy of cyber foraging of mobile devices},
  author={Sharifi, Mohsen and Kafaie, Somayeh and Kashefi, Omid},
  journal={IEEE Communications Surveys \& Tutorials},
  volume={14},
  number={4},
  pages={1232--1243},
  year={2012},
  publisher={IEEE}
}

@article{flores2015mobile,
  title={Mobile code offloading: from concept to practice and beyond},
  author={Flores, Huber and Hui, Pan and Tarkoma, Sasu and Li, Yong and Srirama, Satish and Buyya, Rajkumar},
  journal={IEEE Communications Magazine},
  volume={53},
  number={3},
  pages={80--88},
  year={2015},
  publisher={IEEE}
}

@online{Docker.what.is,
  author = {Docker Inc.},
  title = {What is DOcker?},
  year = 2017,
  url = {https://www.docker.com/what-docker},
  urldate = {2017-06-24}
}

@incollection{pfahringer2011conjunctive,
  title={Conjunctive normal form},
  author={Pfahringer, Bernhard},
  booktitle={Encyclopedia of Machine Learning},
  pages={209--210},
  year={2011},
  publisher={Springer}
}

@book{momjian2001postgresql,
  title={PostgreSQL: introduction and concepts},
  author={Momjian, Bruce},
  volume={192},
  year={2001},
  publisher={Addison-Wesley New York}
}

@book{loeliger2012version,
  title={Version Control with Git: Powerful tools and techniques for collaborative software development},
  author={Loeliger, Jon and McCullough, Matthew},
  year={2012},
  publisher={" O'Reilly Media, Inc."}
}

@article{pang2008opinion,
  title={Opinion mining and sentiment analysis},
  author={Pang, Bo and Lee, Lillian and others},
  journal={Foundations and Trends{\textregistered} in Information Retrieval},
  volume={2},
  number={1--2},
  pages={1--135},
  year={2008},
  publisher={Now Publishers, Inc.}
}

@book{kotonya1998requirements,
  title={Requirements engineering: processes and techniques},
  author={Kotonya, Gerald and Sommerville, Ian},
  year={1998},
  publisher={Wiley Publishing}
}

@article{zhang2012microsoft,
  title={Microsoft kinect sensor and its effect},
  author={Zhang, Zhengyou},
  journal={IEEE multimedia},
  volume={19},
  number={2},
  pages={4--10},
  year={2012},
  publisher={IEEE}
}


@inproceedings{havasi2007conceptnet,
	title={ConceptNet 3: a flexible, multilingual semantic network for common sense knowledge},
	author={Havasi, Catherine and Speer, Robert and Alonso, Jason},
	organization={Citeseer}
}

@inproceedings{speer2017conceptnet,
	title={ConceptNet 5.5: An Open Multilingual Graph of General Knowledge.},
	author={Speer, Robert and Chin, Joshua and Havasi, Catherine},
	booktitle={AAAI},
	pages={4444--4451},
	year={2017}
}

@article{sowa1987semantic,
	title={Semantic networks. encyclopedia of artificial intelligence},
	author={Sowa, John F},
	journal={Ed. Stuart C Shapiro},
	year={1987}
}

@phdthesis{thiel2012knotenahnlichkeiten,
	title={Knoten{\"a}hnlichkeiten aus Aktivierungsausbreitungen},
	author={Thiel, Kilian},
	year={2012}
}

@book{helbig2013semantische,
	title={Die semantische Struktur nat{\"u}rlicher Sprache: Wissensrepr{\"a}sentation mit MultiNet},
	author={Helbig, Hermann},
	year={2013},
	publisher={Springer-Verlag}
}

@incollection{speer2013conceptnet,
	title={ConceptNet 5: A large semantic network for relational knowledge},
	author={Speer, Robert and Havasi, Catherine},
	booktitle={The People’s Web Meets NLP},
	pages={161--176},
	year={2013},
	publisher={Springer}
}

@inproceedings{havasi2007conceptnet,
	title={ConceptNet 3: a flexible, multilingual semantic network for common sense knowledge},
	author={Havasi, Catherine and Speer, Robert and Alonso, Jason},
	booktitle={Recent advances in natural language processing},
	pages={27--29},
	year={2007},
	organization={Citeseer}
}


@article{liu2004conceptnet,
	title={ConceptNet—a practical commonsense reasoning tool-kit},
	author={Liu, Hugo and Singh, Push},
	journal={BT technology journal},
	volume={22},
	number={4},
	pages={211--226},
	year={2004},
	publisher={Springer}
}


@inproceedings{redmon2017yolo9000,
	title={YOLO9000: better, faster, stronger},
	author={Redmon, Joseph and Farhadi, Ali},
	booktitle={Proceedings of the IEEE conference on computer vision and pattern recognition},
	pages={7263--7271},
	year={2017}
}


